<?xml version="1.0" encoding="UTF-8"?><record xmlns="http://www.loc.gov/MARC21/slim" xmlns:cinclude="http://apache.org/cocoon/include/1.0" xmlns:zs="http://www.loc.gov/zing/srw/">
  <leader>00333nz  a2200121n  4500</leader>
  <controlfield tag="001">nr 90023135 </controlfield>
  <controlfield tag="003">DLC</controlfield>
  <controlfield tag="005">19901107060708.9</controlfield>
  <controlfield tag="008">901105n| acannaab|          |n aaa     c</controlfield>
  <datafield tag="010" ind1=" " ind2=" ">
    <subfield code="a">nr 90023135 </subfield>
  </datafield>
  <datafield tag="040" ind1=" " ind2=" ">
    <subfield code="a">NjP</subfield>
    <subfield code="c">NjP</subfield>
  </datafield>
  <datafield tag="100" ind1="1" ind2="0">
    <subfield code="a">Asso, FrancĚ§oise,</subfield>
    <subfield code="d">1950-</subfield>
  </datafield>
  <datafield tag="670" ind1=" " ind2=" ">
    <subfield code="a">Her Reprises, 1989:</subfield>
    <subfield code="b">t.p. (FrancĚ§oise Asso) cover p. 4 (b. 1950, Nice)</subfield>
  </datafield>
</record>